@misc{鈴木勇矢2019ARロボットコントローラ,
  title={ARロボットコントローラ},
  author={鈴木勇矢},
  year={2019},
  note={https://youtu.be/10RygjfTLuw. 2019.}
}

@misc{高原一樹2021ロボットの自己位置推定を可視化するAugmentedRealityアプリケーション,
  author = "高原一樹",
  title = "{ロボットの自己位置推定を可視化するAugmented Realityアプリケーション}",
  booktitle = "2020年度卒業論文",
  year = 2021
}